=LDR  01222cas a22003618a 4500
=001  012910261
=003  Uk
=005  20230505145053.0
=007  ta
=008  040505c20009999enkqr\p\\\\\\\0\\\a0eng\\
=022  0\$a1743-5854$202
=040  \\$aUk$beng$cUk$erda
=222  \0$aeMC trust$b(Quarterly)
=245  00$aeMC trust.
=263  \\$a200006
=264  \1$a[Place of publication not identified] :$b[Publisher not identified]
=310  \\$aQuarterly
=336  \\$atext$2rdacontent
=337  \\$aunmediated$2rdamedia
=338  \\$avolume$2rdacarrier
=852  41$aBritish Library$bHMNTS$jEC.9.x.332$32004, 2nd Quarter- 2008, 1st Quarter
=985  \\$aLDO SERIALS - PLEASE PASS ALL ITEMS RECEIVED TO ISSN UK CENTRE.
=CAT  \\$a8323$b40$c20040505$lTMP01$h0943
=CAT  \\$a8323$b40$c20040505$lTMP01$h0944
=CAT  \\$aEXLIBRIS$c20040606$lBLL01$h1133
=CAT  \\$a10902$b40$c20051215$lBLL01$h0842
=CAT  \\$a8874$b40$c20181214$lBLL01$h1442
=CAT  \\$a11313$b40$c20230505$lBLL01$h1450
=FMT  \\$a  SE
=LAS  \\$a11313$b40$c20230505$lBLL01$h1450
=LET  \0$aeMC trust (Print)
=LKR  \\$aPAR$b012910266$lBLL01$r78000$meMC trust$neMC trust. Medicines information for the NHS
=TCO  \\$aCLA$bCLA$c008

