=LDR  00725cas a22002658i 4500
=001  018692420
=003  Uk
=005  20180123131503.0
=007  ta
=008  180123c20189999enkmr\p\\\\\\\0\\\a0eng\\
=022  0\$a2516-2772$202
=040  \\$aUk$beng$cUk$erda
=222  \0$aStamford pride
=245  00$aStamford pride.
=263  \\$a201803
=264  \1$aBoston :$bPride Magazines Ltd
=310  \\$aMonthly
=336  \\$atext$2rdacontent
=337  \\$aunmediated$2rdamedia
=338  \\$avolume$2rdacarrier
=852  41$aBritish Library$bHMNTS$3.
=985  \\$aLDO SERIALS - PLEASE PASS ALL ITEMS RECEIVED TO ISSN UK CENTRE.
=CAT  \\$a11313$b40$c20180123$lBLL01$h1315
=FMT  \\$a  SE
=LAS  \\$a11313$b40$c20180123$lBLL01$h1315

