=LDR  00913cas a22003018i 4500
=001  019864718
=003  Uk
=005  20200803062839.0
=007  ta
=008  200803c20209999enkmr\p\\\\\\\0\\\a0eng\\
=022  0\$a2634-467X$202
=040  \\$aUk$beng$cUk$erda
=222  \0$aExotics keeper magazine$b(Print)
=245  00$aExotics keeper magazine.
=263  \\$a202008
=264  \1$aOngar :$bPeregrine Livefoods Ltd
=310  \\$aMonthly
=336  \\$atext$2rdacontent
=337  \\$aunmediated$2rdamedia
=338  \\$avolume$2rdacarrier
=776  08$iAlso issued online as:$tExotics keeper magazine$x2634-4688
=852  41$aBritish Library$bHMNTS
=985  \\$aNO FILE - WFH RECORD.
=985  \\$aLDO SERIALS - PLEASE PASS ALL ITEMS RECEIVED TO ISSN UK CENTRE.
=CAT  \\$a10973$b40$c20200803$lBLL01$h0628
=FMT  \\$a  SE
=LAS  \\$a10973$b40$c20200803$lBLL01$h0628
=LET  \0$aExotics keeper magazine (Print)

