=LDR  01009cas a22003138i 4500
=001  019893142
=003  Uk
=005  20200821150807.0
=007  ta
=008  200821c20209999enkbr\p\\\\\\\0\\\a0eng\\
=022  0\$a2634-4866$202
=040  \\$aUk$beng$cUk$erda
=222  \0$aCocoa girl$b(Print)
=245  00$aCocoa girl.
=263  \\$a202009
=264  \1$aBeckenham :$bS. Phillips-Boyd
=310  \\$aBimonthly
=336  \\$atext$2rdacontent
=337  \\$aunmediated$2rdamedia
=338  \\$avolume$2rdacarrier
=776  08$iAlso issued online as:$tCocoa girl$x2634-4874
=852  41$aBritish Library$bHMNTS
=985  \\$aNO FILE - WFH RECORD.
=985  \\$aISSN UK Centre: launched as lockdown project in July, advised by publisher will be relaunched in September as newsstand publication.
=985  \\$aLDO SERIALS - PLEASE PASS ALL ITEMS RECEIVED TO ISSN UK CENTRE.
=CAT  \\$a10973$b40$c20200821$lBLL01$h1508
=FMT  \\$a  SE
=LAS  \\$a10973$b40$c20200821$lBLL01$h1508
=LET  \0$aCocoa girl (Print)

