=LDR  01005cas a22003138i 4500
=001  019893145
=003  Uk
=005  20200821151429.0
=007  ta
=008  200821c20209999enkbr\p\\\\\\\0\\\a0eng\\
=022  0\$a2634-4882$202
=040  \\$aUk$beng$cUk$erda
=222  \0$aCocoa boy$b(Print)
=245  00$aCocoa boy.
=263  \\$a202009
=264  \1$aBeckenham :$bS. Phillips-Boyd
=310  \\$aBimonthly
=336  \\$atext$2rdacontent
=337  \\$aunmediated$2rdamedia
=338  \\$avolume$2rdacarrier
=776  08$iAlso issued online as:$tCocoa boy$x2634-4890
=852  41$aBritish Library$bHMNTS
=985  \\$aNO FILE - WFH RECORD.
=985  \\$aISSN UK Centre: launched as lockdown project in July, advised by publisher will be relaunched in September as newsstand publication.
=985  \\$aLDO SERIALS - PLEASE PASS ALL ITEMS RECEIVED TO ISSN UK CENTRE.
=CAT  \\$a10973$b40$c20200821$lBLL01$h1514
=FMT  \\$a  SE
=LAS  \\$a10973$b40$c20200821$lBLL01$h1514
=LET  \0$aCocoa boy (Print)

