=LDR  00811cas a22002898i 4500
=001  020099707
=003  Uk
=005  20210204111226.0
=007  ta
=008  210204c20219999enkqr\p\\\\\\\0\\\a0eng\\
=022  0\$a2634-2294$202
=040  \\$aUk$beng$cUk$erda
=222  \0$aEn bloc$b(Print)
=245  00$aEn bloc.
=263  \\$a202103
=264  \1$aBude :$bEn Bloc Publications Ltd
=310  \\$aQuarterly
=336  \\$atext$2rdacontent
=337  \\$aunmediated$2rdamedia
=338  \\$avolume$2rdacarrier
=776  08$iAlso issued online as:$tEn bloc$x2634-2308
=852  41$aBritish Library$bHMNTS
=985  \\$aLDO SERIALS - PLEASE PASS ALL ITEMS RECEIVED TO ISSN UK CENTRE.
=CAT  \\$a7152$b40$c20210204$lBLL01$h1112
=FMT  \\$a  SE
=LAS  \\$a7152$b40$c20210204$lBLL01$h1112
=LET  \0$aEn bloc (Print)

